% ------------------------------------------------------------------------
% BIBLIOGRAPHY FILE
% ------------------------------------------------------------------------

% Webstranka, manual, podobne nezoraditelne veci
 @MISC{MatlabRECURSIVE2014,
  author =       {{The Mathworks}},
  title =        {Documentation Center, System Identification Toolbox, Linear Model Identification, Input-Output Polynomial Models, Algorithms for Recursive Estimation},
  howpublished = {User's manual. Online.},
  year =         {2014},
  note =         {3.7.2014, \url{http://www.mathworks.com/help/ident/ug/algorithms-for-recursive-estimation.html}},
}


% Kniha
@Book{Eykhoff84,
  author    = {P. Eykhoff},
  title     = {System identification},
  publisher = {Willey and Sons},
  year      = {1984},
  address   = {London},
  ISBN      = {},
}

%Clanok v casopise
@ARTICLE{Far90,
  author =       {J. Farison and S. Kolla},
  title =        {Asymptotic stability for class of linear discrete systems with bounded uncertainties - comment},
  journal =      {IEEE Trans. of Auto Cont.},
  year =         {1990},
  volume =       {35},
  number = 	{2},
  pages =        {382-384},
}

%Konferencny clanok (v zborniku)
@INPROCEEDINGS{Fontes,
  author =       {F. A. C. C. Fontes},
  title =        {Overview of nonlinear model predictive control schemes leading
                  to stability},
  booktitle =    {Proceedings of CONTROLO 2000 - 4th Portugalese conference
                  on automatic control},
  year =         {2000},
  address =      {Guimar\~{a}es, Portugal},
  month =        {October},
}

% Doktorandska praca
@PHDTHESIS{Guy99,
  author =       {T. V. Guy},
  title =        {Hybrid adaptive controller},
  school =       {Czech Technical University in Prague, Faculty of Electrical Engineering},
  year =         {1999},
  address =      {Prague, Czech republic},
  month =        {April},
}

% Technicka sprava
@TECHREPORT{Karny80,
  AUTHOR =       {M. K\'{a}rn\'{y}},
  TITLE =        {Algoritmus identifikace a vyp\'{i}nan\'{i}},
  INSTITUTION =  {UTIA \v{C}SAV},
  YEAR =         {1980},
  type =         {Zpr\'{a}va},
  number =       {9999}
}

% V zbierke, a serie knih
@INCOLLECTION{Qin99,
  author =       {S. J. Qin and T. A. Badgwell},
  title =        {An Overview of Nonlinear Model Predictive Control Applications},
  booktitle =    {Nonlinear Model Predictive Control},
  publisher =    {Birkhauser Verlag},
  year =         {1999},
  editor =       {F. Allg\"{o}wer},
  pages  =       {369-392},
  address =      {Switzerland},
}
